@manual{gradle-manual,
    title = {Gradle User Manual},
    url   = {https://docs.gradle.org/current/userguide/userguide.pdf}
}

@manual{asm,
    author = {Eric Bruneton},
    title  = {ASM 4.0 A Java byte code engineering library},
    year   = {2011},
    month  = {September},
    url    = {https://asm.ow2.io/asm4-guide.pdf}
}

@misc{algomate,
    publisher = {GitHub},
    journal   = {GitHub repository},
    title     = {AlgoMate},
    url       = {https://github.com/tudalgo/algomate}
}

@misc{jagr,
    publisher = {sourcegrade Organisation on GitHub},
    journal   = {GitHub repository},
    title     = {Jagr},
    url       = {https://github.com/sourcegrade/jagr}
}

@misc{gradle,
    title = {Gradle},
    url   = {https://gradle.org}
}

@misc{gradle-plugin-portal,
    title = {Gradle Plugin Portal},
    url   = {https://plugins.gradle.org}
}

@misc{kotlin-coroutines,
    title = {Kotlin Coroutines},
    url   = {https://kotlinlang.org/docs/coroutines-guide.html}
}

@misc{moodle,
    title = {Moodle LMS},
    url   = {https://moodle.org}
}

@manual{autolab,
    title   = {Autolab},
    url     = {https://docs.autolabproject.com/},
    urldate = {2024-09-17}
}

@manual{gradescope,
    title   = {Gradescope},
    url     = {https://www.gradescope.com/},
    urldate = {2024-09-17}
}

@online{dijkstra-ewd249,
    author  = {Edsger W. Dijkstra},
    title   = {E.W.Dijkstra Archive: Notes on Structured Programming ({EWD} 249)},
    url     = {https://www.cs.utexas.edu/~EWD/transcriptions/EWD02xx/EWD249/EWD249.html},
    urldate = {2024-08-30}
}

@online{statisa-LMS-market-share-germany-2024,
    author  = {Statista},
    title   = {Market share of the top learning management systems (LMS) in Germany in August 2024, by website use},
    url     = {https://www.statista.com/statistics/1415031/market-share/},
    urldate = {2024-10-09}
}

@article{automatic-grading-programs,
    author     = {Forsythe, George E. and Wirth, Niklaus},
    title      = {Automatic grading programs},
    year       = {1965},
    issue_date = {May 1965},
    publisher  = {Association for Computing Machinery},
    address    = {New York, NY, USA},
    volume     = {8},
    number     = {5},
    issn       = {0001-0782},
    url        = {https://doi.org/10.1145/364914.364937},
    doi        = {10.1145/364914.364937},
    journal    = {Commun. ACM},
    month      = {may},
    pages      = {275â€“278},
    numpages   = {4}
}
@manual{docker,
    title = {Docker Documentation},
    url   = {https://docs.docker.com/}
}

@online{whats-wrong-and-whats-right-with-rubrics,
    author  = {Popham, W. James},
    title   = {What's Wrong--and What's Right--with Rubrics.},
    url     = {https://eric.ed.gov/?id=EJ552014},
    urldate = {2024-10-09}
    % issn    = {0013-1784},
}
